@ARTICLE{klitzing:nobel,
   AUTHOR="Klaus von Klitzing",
   TITLE="The Quantised Hall Effect",
   JOURNAL=RMP,
   VOLUME=58,
   PAGES=519,
   YEAR=1986
}